
% ------------ Information Retrieval ------------

% Document Ranking and the Vector Space Model
@Article{Doc_Rank_And_VSM, 
	author={Lee, D.l. and Huei Chuang and Seamons, K.}, 
	journal={Software, IEEE}, title={Document ranking and the vector-space model}, 
	year={1997}, 
	month={mar/apr}, 
	volume={14}, 
	number={2}, 
	pages={67 -75}, 
	keywords={Content based retrieval;Data mining;Database languages;Feedback;Indexing;Information retrieval;Information systems;Particle measurements;Prototypes;Technology management;document handling;indexing;information retrieval;natural language interfaces;statistical analysis;vocabulary;commercial systems;document rankings;index terms;indexing;keywords;natural language text;retrieval performance;statistical analysis;text retrieval techniques;textual information;vector-space model;}, 
	doi={10.1109/52.582976}, 
	ISSN={0740-7459},
}

% Information Retrieval: Data Structures and Algorithms	
@book{IR_Data_Algorithms,
    title = {{Information Retrieval: Data Structures and Algorithms}},
    author = {Frakes, William B. and Baeza-Yates, Ricardo},
    day = {12},
    howpublished = {Paperback},
    isbn = {0134638379},
    keywords = {ir},
    month = jun,
    posted-at = {2005-08-31 14:40:06},
    priority = {0},
    publisher = {{Prentice Hall PTR}},
    year = {1992}
}

% Relational databases vs. IR systems - case study.
@Proceedings{relDB_vs_IR_case_study,
	author =	"Ozgur Yilmazel and Burcu Yurekli and Baris Yilmazel
		 and Ahmet Arslan",
	editor =	"Hans Weghorn and Pedro Isa{\'i}as",
	keywords =	"Information retrieval, relational databases, solr,
		 unstructured data.",
	title =	"Relational Databases Versus Information
		 Retrieval Systems: A Case Study",
	booktitle =	"Proceedings of the IADIS International Conference
		 Applied Computing 2009",
	year = 	"2009",
	type = 	"Reflection Paper",
	publisher =	"IADIS",
	ISBN = 	"978-972-8924-97-3",
	URL =  	"http://iadisportal.org/index.php?option=com_booklibrary&catid=218&id=6672&lang=en&task=view",
	file = 	"http://iadisportal.org/index.php?option=com_booklibrary&catid=218&id=6672&lang=en&task=view",
	pages =	"273--276",
}

% IR - concepts plus Solr info
@Article{IR_Concepts_Solr,
	title =	"Information Retrieval: concepts and bases Information
		 Retrieval: concetti e principi di base",
	author =	"Susanna Mornati and Andrea Marchitelli",
	publisher =	"CILEA, Consorzio Interuniversitario",
	year = 	"2012",
	ISSN = 	"11202440",
	bibsource =	"OAI-PMH server at www.doaj.org",
	language =	"ita",
	oai =  	"oai:doaj-articles:8ce944487646c08f61094437b1204c22",
	source =	"Bollettino del CILEA",
	subject =	"Information Retrieval; Lucene; Solr",
	URL =  	"http://bollettino.cilea.it/article/view/878;
		 http://www.doaj.org/doaj?func=openurl\&genre=article\&issn=11202440\&date=2012\&volume=0\&issue=118\&spage=10",
}


% ------------ Search Engines ------------

% Search engines comparison.
@techreport{Middleton_Baeza,
	author = "Christian Middleton and Ricardo Baeza-Yates",
	title = "A Comparison of Open Source Search Engines",
	year = 2007,
    month = 10,
	school = "Universitat Pompeu Fabra (Barcelona, Spain)"
	howpublished = "\url{http://wrg.upf.edu/WRG/dctos/Middleton-Baeza.pdf}"
	note = "Available at \url{http://wrg.upf.edu/WRG/dctos/Middleton-Baeza.pdf}"
}

% Search engines comparison.	
@Misc{Singh_Search_Engines,
	author = "Vik Singh",
	title = "A Comparison of Open Source Search Engines",
	year = 2009,
    month = jul,
	howpublished = "Available at \url{http://zooie.wordpress.com/2009/07/06/a-comparison-of-open-source-search-engines-and-indexing-twitter/}",
	note = "[Online; accessed: 4-December-2012]"
}

% Indri Home page.	
@Misc{Indri_Home,
	title = "Indri Homepage",
	howpublished = "Available at \url{http://www.lemurproject.org/indri.php}",
	note = "[Online; accessed: 4-December-2012]"
}
	
%Lucene Home page.
@Misc{Lucene_Home,
	title = "Lucene Homepage",
	howpublished = "Available at \url{http://lucene.apache.org/}",
	note = "[Online; accessed: 4-December-2012]"
}

%Sphinx Home page.
@Misc{Sphinx_Home,
	title = "Sphinx Homepage",
	howpublished = "Available at \url{http://sphinxsearch.com/}",
	note = "[Online; accessed: 4-December-2012]"
}
	
% Xapian Home page.
@Misc{Xapian_Home,
	title = "Xapian Homepage",
	howpublished = "Available at \url{http://xapian.org/}",
	note = "[Online; accessed: 4-December-2012]"
}
	
% Zettair Home page.	
@Misc{Zettair_Home,
	title = "Zettair Homepage",
	howpublished = "Available at \url{http://www.seg.rmit.edu.au/zettair/}",
	note = "[Online; accessed: 4-December-2012]"
}
	
% Hibernate Search Homepage.
@Misc{Hibernate_Search_Home,
	title = "Hibernate Search Homepage",
	howpublished = "Available at \url{http://www.hibernate.org/subprojects/search.html}",
	note = "[Online; accessed: 4-December-2012]"
}
	
% Solr Home Page
@Misc{Solr_Home,
	title = "Solr Homepage",
	howpublished = "Available at \url{http://lucene.apache.org/solr/}",
	note = "[Online; accessed: 4-December-2012]"
}

@Misc{Xapian_Index_Size,
	author = {Olly Betts},
	title = {Index Size Comparison},
	month = {May},
	year = {2012},
	day = {2},
	howpublished = "Available at \url{http://thread.gmane.org/gmane.comp.search.xapian.devel/2022}",
	note = "[Online; accessed: 6-December-2012]",
	lastchecked = {December~6, 2012}
} 

@Misc{Benchmark_Mysql_Lucene_Sphinx,
	author = {Kumar Jayant},
	title = {Benchmarking results of mysql, lucene and sphinx},
	month = {Jun},
	year = {2006},
	day = {2},
	url = "http://jayant7k.blogspot.cz/2006/06/benchmarking-results-of-mysql-lucene.html",
	howpublished = "Available at \url{http://jayant7k.blogspot.cz/2006/06/benchmarking-results-of-mysql-lucene.html}",
	note = "[Online; accessed: 6-December-2012]",
	lastchecked = {December~6, 2012}
} 

@Misc{Benchmark_Lucene_Sphinx_Newer,
	author = {Anshum Gupta},
	title = {Lucene Vs Sphinx - A Showdown on a large dataset},
	month = {Aug},
	year = {2009},
	day = {12},
	url = "http://jayant7k.blogspot.cz/2006/06/benchmarking-results-of-mysql-lucene.html",
	howpublished = "Available at \url{http://jayant7k.blogspot.cz/2006/06/benchmarking-results-of-mysql-lucene.html}",
	note = "[Online; accessed: 6-December-2012]",
	lastchecked = {December~6, 2012}
}

@inproceedings{Comparison_Lucene_Indri,
	author = {Howard Turtle, Yatish Hegde, Steven A. Rowe},
	title = {Yet another comparison of Lucene and Indri performance},
	booktitle = {Proceedings of the SIGIR 2012 Workshop on Open Source Information Retrieval},
	issue_date = {December 2012},
	volume = {46},
	number = {2},
	month = {August},
	year = {2012},
	issn = {0163-5840},
	pages = {64--67},
	numpages = {4},
	url = {http://opensearchlab.otago.ac.nz/paper_12.pdf}
}


% ------------ Lucene ------------

% Apache Lucene 4
@inproceedings{Apache_Lucene_4,
	author = {Andrzej Bialecki, Robert Muir, Grant Ingersoll},
	title = {Apache Lucene 4},
	booktitle = {Proceedings of the SIGIR 2012 Workshop on Open Source Information Retrieval},
	issue_date = {December 2012},
	volume = {46},
	number = {2},
	month = {August},
	year = {2012},
	issn = {0163-5840},
	pages = {17--24},
	numpages = {8},
	url = {http://opensearchlab.otago.ac.nz/paper_10.pdf}
}

@inproceedings{Benchmark_Lucene_RelDB, 
	author={Arslan, A. and Yilmazel, O.}, 
	booktitle={Computer Science and Information Technology (IMCSIT), Proceedings of the 2010 International Multiconference on}, title={Quality benchmarking relational databases and Lucene in the TREC4 adhoc task environment}, 
	year={2010}, 
	month={oct.}, 
	volume={}, 
	number={}, 
	pages={365 -372}, 
	keywords={Indexes;Libraries;Natural languages;Relational databases;Search engines;benchmark testing;database management systems;information retrieval;public domain software;relational databases;search engines;text analysis;Lucene;TREC4 adhoc task environment;english document;english stemming algorithm;english text retrieval;language specific preprocessing;open source relational databases;quality benchmarking relational database;relational database management system;retrieval quality;search engine library;text retrieval quality;}, 
	doi={}, 
ISSN={2157-5525},
}

@Misc{Lucene_Who_Uses,
	title = {Lucene-java Wiki},
	url = "http://wiki.apache.org/lucene-java/PoweredBy",
	howpublished = "Available at \url{http://wiki.apache.org/lucene-java/PoweredBy}",
	note = "[Online; accessed: 21-February-2013]",
	lastchecked = {February~21, 2013}
} 

% IR services based on Lucene
@InProceedings{IR_Services_Lucene,
  title =	"Information Retrieval Services Based on Lucene
		 Architecture",
  author =	"Hang Li and Wanlong Li and Guochun Wang and Xinyi
		 Peng",
  bibdate =	"2012-09-10",
  bibsource =	"DBLP,
		 http://dblp.uni-trier.de/db/conf/icica/icica2012-1.html#LiLWP12",
  booktitle =	"ICICA (1)",
  booktitle =	"Information Computing and Applications - Third
		 International Conference, {ICICA} 2012, Chengde, China,
		 September 14-16, 2012. Proceedings, Part {I}",
  publisher =	"Springer",
  year = 	"2012",
  volume =	"307",
  editor =	"Chunfeng Liu and Leizhen Wang and Aimin Yang",
  ISBN = 	"978-3-642-34037-6",
  pages =	"638--645",
  series =	"Communications in Computer and Information Science",
  URL =  	"http://dx.doi.org/10.1007/978-3-642-34038-3",
}


% ------------ Solr ------------
	
% Solr 1.4 Book.
@Book{Solr_1_4_Book,
	author =	"David Smiley and Eric (David Eric) Pugh and James
		 Brady and Jerome Eteve",
	title =	"{Solr 1.4 Enterprise Search Server}: enhance your
		 search with faceted navigation, result highlighting,
		 fuzzy queries, ranked scoring, and more",
	publisher =	"Packt Publishing",
	address =	"Birmingham, UK",
	pages =	"vii + 317",
	year = 	"2009",
	ISBN = 	"1-84719-588-1",
	isbn-13 =	"978-1-84719-588-3",
	LCCN = 	"TK5105.885.S65 S65 2009eb",
	bibdate =	"Thu Apr 15 14:49:12 MDT 2010",
	bibsource =	"http://www.math.utah.edu/pub/tex/bib/java2000.bib;
		 library.mit.edu:9909/mit01",
	acknowledgement = "Nelson H. F. Beebe, University of Utah, Department
		 of Mathematics, 110 LCB, 155 S 1400 E RM 233, Salt Lake
		 City, UT 84112-0090, USA, Tel: +1 801 581 5254, FAX: +1
		 801 581 4148, e-mail: \path|beebe@math.utah.edu|,
		 \path|beebe@acm.org|, \path|beebe@computer.org|
		 (Internet), URL:
		 \path|http://www.math.utah.edu/~beebe/|",
	subject =	"Web search engines; programming; client/server
		 computing",
}
  
% Implementation of a search engine based on Solr.
@Dissertation{Solr_Search_Eng_Impl,
  title =	"Implementation and Development of Internal Search
		 Engine for Slovenian Police",
  author =	"Primo{\v z} Skale",
  year = 	"2012",
  month =	oct # "~12",
  bibsource =	"OAI-PMH server at eprints.fri.uni-lj.si",
  identifier =	"Primo{\v z} Skale (2012) Implementation and
		 Development of Internal Search Engine for Slovenian
		 Police. MSc thesis.",
  oai =  	"oai:generic.eprints.org:1902",
  subject =	"Computer and Information Science",
  type = 	"NonPeerReviewed",
  URL =  	"http://eprints.fri.uni-lj.si/1902/1/Skale1.pdf;
		 http://eprints.fri.uni-lj.si/1902/",
}

% EconBiz-SolrUseCase
@Article{EconBiz_Solr_UseCase,
  title =	"EconBiz --- Meeting User Needs with New Technology",
  author =	"Tamara Pianos",
  publisher =	"LIBER, Association of European Research Libraries",
  year = 	"2010",
  ISSN = 	"14355205",
  bibsource =	"OAI-PMH server at www.doaj.org",
  oai =  	"oai:doaj-articles:0e25718f23bb9e81434e2019ebca8be9",
  source =	"Liber Quarterly : The Journal of European Research
		 Libraries",
  subject =	"user requirements; user needs; subject portal; virtual
		 library",
  URL =  	"http://liber.library.uu.nl/index.php/lq/article/view/7972;
		 http://www.doaj.org/doaj?func=openurl\&genre=article\&issn=14355205\&date=2010\&volume=20\&issue=1\&spage=4",
}


% ------------ Other Sources ------------

@article{Report_Sigir2012_Trotman,
	author = {Trotman, Andrew and Clarke, Charles L.A. and Ounis, Iadh and Culpepper, Shane and Cartright, Marc-Allen and Geva, Shlomo},
	title = {Open source information retrieval: a report on the SIGIR 2012 workshop},
	journal = {SIGIR Forum},
	issue_date = {December 2012},
	volume = {46},
	number = {2},
	month = dec,
	year = {2012},
	issn = {0163-5840},
	pages = {95--101},
	numpages = {7},
	url = {http://doi.acm.org/10.1145/2422256.2422269},
	doi = {10.1145/2422256.2422269},
	acmid = {2422269},
	publisher = {ACM},
	address = {New York, NY, USA},
} 

% Quartz documentation
@Misc{Quartz_Doc,
	title = "CronTrigger tutorial",
	howpublished = "Available at \url{http://www.quartz-scheduler.org/documentation/quartz-2.1.x/tutorials/crontrigger}",
	note = "[Online; accessed: 4-April-2013]"
}


% Spring Scheduling
@Misc{Quartz_Doc,
	title = "Task Execution and Scheduling",
	howpublished = "Available at \url{http://static.springsource.org/spring/docs/3.1.x/spring-framework-reference/html/scheduling.html}",
	note = "[Online; accessed: 4-April-2013]"
}

